@article{Justification,
   author ={Eugene Fink and Qiang Yang},
   title ={Formalizing Plan Justifications},
   journal = {Proceedings of the 9th Conference of the Canadian Society for Computational Studies of Intelligence},
   pages = {9-14},
   year = {1992}
}
@article{STRIPS,
   author    = {Richard Fikes and
               Nils J. Nilsson},
  title     = {{STRIPS:} {A} New Approach to the Application of Theorem Proving to
               Problem Solving},
  journal   = {Artificial Intelligence},
  volume    = {2},
  number    = {3-4},
  pages     = {189--208},
  year      = {1971},
  url       = {https://doi.org/10.1016/0004-3702(71)90010-5},
  doi       = {10.1016/0004-3702(71)90010-5},
  timestamp = {Wed, 14 Nov 2018 10:50:00 +0100},
  biburl    = {https://dblp.org/rec/bib/journals/ai/FikesN71},
  bibsource = {dblp computer science bibliography, https://dblp.org}
}
@article{Floyd,
  author    = {Robert W. Floyd},
  title     = {Algorithm 97: Shortest path},
  journal   = {Communications of the ACM},
  volume    = {5},
  number    = {6},
  pages     = {345},
  year      = {1962},
  url       = {https://doi.org/10.1145/367766.368168},
  doi       = {10.1145/367766.368168},
  timestamp = {Wed, 14 Nov 2018 10:22:35 +0100},
  biburl    = {https://dblp.org/rec/bib/journals/cacm/Floyd62a},
  bibsource = {dblp computer science bibliography, https://dblp.org}
}
@inproceedings{McAllester,
   author    = {David A. McAllester and
               David Rosenblitt},
  title     = {Systematic Nonlinear Planning},
  booktitle = {Proceedings of the 9th National Conference on Artificial Intelligence, Volume 2.},
  pages     = {634--639},
  year      = {1991},
  crossref  = {DBLP:conf/aaai/1991-2},
  url       = {http://www.aaai.org/Library/AAAI/1991/aaai91-099.php},
  timestamp = {Fri, 18 May 2018 15:15:22 +0200},
  biburl    = {https://dblp.org/rec/bib/conf/aaai/McAllesterR91},
  bibsource = {dblp computer science bibliography, https://dblp.org}
}

@inproceedings{Knoblock,
 author    = {Craig A. Knoblock and
               Josh D. Tenenberg and
               Qiang Yang},
  title     = {Characterizing Abstraction Hierarchies for Planning},
  booktitle = {Proceedings of the 9th National Conference on Artificial Intelligence, Volume 2.},
  pages     = {692--697},
  year      = {1991},
  crossref  = {DBLP:conf/aaai/1991-2},
  url       = {http://www.aaai.org/Library/AAAI/1991/aaai91-108.php},
  timestamp = {Fri, 18 May 2018 15:15:22 +0200},
  biburl    = {https://dblp.org/rec/bib/conf/aaai/KnoblockTY91},
  bibsource = {dblp computer science bibliography, https://dblp.org}
}
@proceedings{DBLP:conf/aaai/1991-2,
  editor    = {Thomas L. Dean and
               Kathleen R. McKeown},
  title     = {Proceedings of the 9th National Conference on Artificial Intelligence, Volume 2},
  publisher = {{AAAI} Press / The {MIT} Press},
  year      = {1991},
  url       = {http://www.aaai.org/Conferences/AAAI/aaai91.php},
  timestamp = {Fri, 18 May 2018 15:15:22 +0200},
  biburl    = {https://dblp.org/rec/bib/conf/aaai/1991-2},
  bibsource = {dblp computer science bibliography, https://dblp.org}
}
@article{Kambhampti,
 author    = {Subbarao Kambhampati and
               Dana S. Nau},
  title     = {On the Nature and Role of Modal Truth Criteria in Planning},
  journal   = {Artificial Intelligence},
  volume    = {82},
  number    = {1-2},
  pages     = {129--155},
  year      = {1996},
  url       = {https://doi.org/10.1016/0004-3702(94)00095-6},
  doi       = {10.1016/0004-3702(94)00095-6},
  timestamp = {Sat, 27 May 2017 14:24:41 +0200},
  biburl    = {https://dblp.org/rec/bib/journals/ai/KambhampatiN96},
  bibsource = {dblp computer science bibliography, https://dblp.org}
}
@article{Backstrom,
  author    = {Christer B{\"{a}}ckstr{\"{o}}m},
  title     = {Computational Aspects of Reordering Plans},
  journal   = {Journal of Artificial Intelligence Research},
  volume    = {9},
  pages     = {99--137},
  year      = {1998},
  url       = {https://doi.org/10.1613/jair.477},
  doi       = {10.1613/jair.477},
  timestamp = {Mon, 21 Jan 2019 15:01:17 +0100},
  biburl    = {https://dblp.org/rec/bib/journals/jair/Backstrom98},
  bibsource = {dblp computer science bibliography, https://dblp.org}
}
@inproceedings{RemoveRepair,
  author    = {Conny Olz and
               Pascal Bercher},
  title     = {Eliminating Redundant Actions in Partially Ordered Plans -- {A} Complexity
               Analysis},
  booktitle = {Proceedings of the Twenty-Ninth International Conference on Automated
               Planning and Scheduling, {IiCAPS} 2019},
  pages     = {310--319},
  year      = {2019},
  crossref  = {DBLP:conf/aips/2019},
  url       = {https://aaai.org/ojs/index.php/ICAPS/article/view/3493},
  timestamp = {Wed, 17 Jul 2019 15:00:48 +0200},
  biburl    = {https://dblp.org/rec/bib/conf/aips/OlzB19},
  bibsource = {dblp computer science bibliography, https://dblp.org}
}
@proceedings{DBLP:conf/aips/2019,
  editor    = {},
  title     = {Proceedings of the Twenty-Ninth International Conference on Automated
               Planning and Scheduling, {ICAPS} 2019, Berkeley, CA, USA, July 11-15,
               2019},
  publisher = {{AAAI} Press},
  year      = {2019},
  url       = {https://aaai.org/ojs/index.php/ICAPS/issue/view/239},
  timestamp = {Wed, 17 Jul 2019 15:00:24 +0200},
  biburl    = {https://dblp.org/rec/bib/conf/aips/2019},
  bibsource = {dblp computer science bibliography, https://dblp.org}
}

@inproceedings{Panda,
  author    = {Pascal Bercher and
               Shawn Keen and
               Susanne Biundo},
  title     = {Hybrid Planning Heuristics Based on Task Decomposition Graphs},
  booktitle = {Proceedings of the Seventh Annual Symposium on Combinatorial Search,
               {SOCS} 2014},
  year      = {2014},
  crossref  = {DBLP:conf/socs/2014},
  url       = {http://www.aaai.org/ocs/index.php/SOCS/SOCS14/paper/view/8928},
  timestamp = {Thu, 31 Jul 2014 13:22:23 +0200},
  biburl    = {https://dblp.org/rec/bib/conf/socs/BercherKB14},
  bibsource = {dblp computer science bibliography, https://dblp.org}
}

@proceedings{DBLP:conf/socs/2014,
  editor    = {},
  title     = {Proceedings of the Seventh Annual Symposium on Combinatorial Search,
               {SOCS} 2014},
  publisher = {{AAAI} Press},
  year      = {2014},
  url       = {http://www.aaai.org/Library/SOCS/socs14contents.php},
  isbn      = {978-1-57735-676-9},
  timestamp = {Thu, 31 Jul 2014 13:17:58 +0200},
  biburl    = {https://dblp.org/rec/bib/conf/socs/2014},
  bibsource = {dblp computer science bibliography, https://dblp.org}
}


@inproceedings{HomeTheater,
  author    = {Pascal Bercher and
               Susanne Biundo and
               Thomas Geier and
               Thilo Hoernle and
               Florian Nothdurft and
               Felix Richter and
               Bernd Schattenberg},
  title     = {Plan, Repair, Execute, Explain -- How Planning Helps to Assemble your
               Home Theater},
  booktitle = {Proceedings of the Twenty-Fourth International Conference on Automated
               Planning and Scheduling, {ICAPS} 2014},
  year      = {2014},
  crossref  = {DBLP:conf/aips/2014},
  url       = {http://www.aaai.org/ocs/index.php/ICAPS/ICAPS14/paper/view/7901},
  timestamp = {Thu, 19 Nov 2015 08:52:28 +0100},
  biburl    = {https://dblp.org/rec/bib/conf/aips/BercherBGHNRS14},
  bibsource = {dblp computer science bibliography, https://dblp.org}
}

@proceedings{DBLP:conf/aips/2014,
  editor    = {},
  title     = {Proceedings of the Twenty-Fourth International Conference on Automated
               Planning and Scheduling, {ICAPS} 2014, Portsmouth, New Hampshire,
               USA, June 21-26, 2014},
  publisher = {{AAAI}},
  year      = {2014},
  url       = {http://www.aaai.org/Library/ICAPS/icaps14contents.php},
  isbn      = {978-1-57735-660-8},
  timestamp = {Thu, 19 Nov 2015 08:52:28 +0100},
  biburl    = {https://dblp.org/rec/bib/conf/aips/2014},
  bibsource = {dblp computer science bibliography, https://dblp.org}
}

@article{Helmert,
  author    = {Malte Helmert},
  title     = {Complexity results for standard benchmark domains in planning},
  journal   = {Artificial Intelligence},
  volume    = {143},
  number    = {2},
  pages     = {219--262},
  year      = {2003},
  url       = {https://doi.org/10.1016/S0004-3702(02)00364-8},
  doi       = {10.1016/S0004-3702(02)00364-8},
  timestamp = {Wed, 14 Nov 2018 10:49:58 +0100},
  biburl    = {https://dblp.org/rec/bib/journals/ai/Helmert03},
  bibsource = {dblp computer science bibliography, https://dblp.org}
}

@inproceedings{HTN,
  author    = {Kutluhan Erol and
               James A. Hendler and
               Dana S. Nau},
  title     = {{UMCP:} {A} Sound and Complete Procedure for Hierarchical Task-network
               Planning},
  booktitle = {Proceedings of the Second International Conference on Artificial Intelligence
               Planning Systems, University of Chicago, Chicago, Illinois, USA, June
               13-15, 1994},
  pages     = {249--254},
  year      = {1994},
  crossref  = {DBLP:conf/aips/1994},
  url       = {http://www.aaai.org/Library/AIPS/1994/aips94-042.php},
  timestamp = {Thu, 13 Dec 2012 14:15:16 +0100},
  biburl    = {https://dblp.org/rec/bib/conf/aips/ErolHN94},
  bibsource = {dblp computer science bibliography, https://dblp.org}
}
@proceedings{DBLP:conf/aips/1994,
  editor    = {},
  title     = {Proceedings of the Second International Conference on Artificial Intelligence
               Planning Systems, University of Chicago, Chicago, Illinois, USA, June
               13-15, 1994},
  publisher = {{AAAI}},
  year      = {1994},
  isbn      = {0-929280-56-3},
  timestamp = {Thu, 05 Jan 2012 15:41:52 +0100},
  biburl    = {https://dblp.org/rec/bib/conf/aips/1994},
  bibsource = {dblp computer science bibliography, https://dblp.org}
}